<record><leader>00000cas a22000007a 4500</leader><controlfield tag="001">11195643</controlfield><controlfield tag="008">840925d18661879inuwr ne      0    0eng d</controlfield><controlfield tag="009">3768</controlfield><datafield ind1=" " ind2=" " tag="010"><subfield code="a">sn 84038180 </subfield></datafield><datafield ind1=" " ind2=" " tag="040"><subfield code="a">NPX</subfield><subfield code="b">eng</subfield><subfield code="c">NPX</subfield><subfield code="d">NPI</subfield><subfield code="d">NVF</subfield><subfield code="d">OCLCQ</subfield></datafield><datafield ind1="1" ind2=" " tag="029"><subfield code="a">AU@</subfield><subfield code="b">000024689243</subfield></datafield><datafield ind1=" " ind2=" " tag="042"><subfield code="a">msc</subfield></datafield><datafield ind1="0" ind2="4" tag="245"><subfield code="a">The Sullivan County union.</subfield></datafield><datafield ind1=" " ind2=" " tag="260"><subfield code="a">Sullivan, Sullivan County, Ind. :</subfield><subfield code="b">Isaac M. Brown,</subfield><subfield code="c">1866-1879.</subfield></datafield><datafield ind1=" " ind2=" " tag="310"><subfield code="a">Weekly</subfield></datafield><datafield ind1="0" ind2=" " tag="362"><subfield code="a">Vol. 1, no. 1 (Aug. 1, 1866)-v. 14, no. 22 (Dec. 31, 1879).</subfield></datafield><datafield ind1=" " ind2="4" tag="651"><subfield code="a">Sullivan (Ind.)</subfield><subfield code="v">Newspapers.</subfield></datafield><datafield ind1=" " ind2="4" tag="651"><subfield code="a">Sullivan County (Ind.)</subfield><subfield code="v">Newspapers.</subfield></datafield><datafield ind1=" " ind2=" " tag="752"><subfield code="a">United States</subfield><subfield code="b">Indiana</subfield><subfield code="c">Sullivan</subfield><subfield code="d">Sullivan.</subfield></datafield><datafield ind1="0" ind2="0" tag="785"><subfield code="t">Sullivan union</subfield><subfield code="w">(DLC)sn 86058017</subfield><subfield code="w">(OCoLC)13046919</subfield></datafield></record>